@misc{gnu13,
	author = {GNU},
	title = {{Options That Control Optimization}},
	year = {2013}, 
	howpublished = "\url{https://gcc.gnu.org/onlinedocs/gcc-4.8.1/gcc/Optimize-Options.html#Optimize-Options}",
},

@misc{setuidman,
	author = {Graeme W. Wilford},
	title = {SETUID(2) Linux Programmer's Manual},
	year = {1994},
	howpublished = "\url{http://man7.org/linux/man-pages/man2/setuid.2.html}",
},
@misc{shellstorm,
	author = {Marcin Ulikowski},
	title = {{9 byte-long setuid(0) + execve("/bin/sh",...) shellcode}},
	howpublished = "\url{http://shell-storm.org/shellcode/files/shellcode-598.php}",
},
@misc{chroot,
	author = {Steve Friedl},
	title = {Best Practices for UNIX chroot() Operations},
	howpublished = "\url{http://www.unixwiz.net/techtips/chroot-practices.html}",
}
